@book{dixon2011algebra,
  title={Algebra and Number Theory: An Integrated Approach},
  author={Dixon, M. and Kurdachenko, L. and Subbotin, I.},
  isbn={9780470640531},
  lccn={2010003428},
  url={http://books.google.com/books?id=w31ZQbGqsvEC},
  year={2011},
  publisher={Wiley}
}

@book{1977probability,
  title={Probability Theory I},
  author={Loeve},
  series={F.W.Gehring P.r.Halmos and C.c.Moore},
  year={1978},
  publisher={Springer}
}

@book{koller2009probabilistic,
  title={Probabilistic Graphical Models: Principles and Techniques},
  author={Koller, D. and Friedman, N.},
  isbn={9780262013192},
  lccn={2009008615},
  series={Adaptive computation and machine learning},
  url={http://books.google.com.hk/books?id=7dzpHCHzNQ4C},
  year={2009},
  publisher={MIT Press}
}

@url{wiki_statistics,
	Author = {wikipedia},
	Date-Added = {Sat Dec 28 19:01:26 CST 2013},
	Date-Modified = {Sat Dec 28 19:01:26 CST 2013},
	Keywords = {wikipedia},
	Title = {Bayesian Statistics},
	Url = {http://en.wikipedia.org/wiki/Statistics},
	Urldate = {Sat Dec 28 19:01:26 CST 2013}}

@url{wiki_bayesian_probability,
	Author = {wikipedia},
	Date-Added = {Sat Dec 28 19:50:18 CST 2013},
	Date-Modified = {Sat Dec 28 19:50:18 CST 2013},
	Keywords = {wikipedia},
	Title = {Statistics},
	Url = {http://en.wikipedia.org/wiki/Bayesian_probability},
	Urldate = {Sat Dec 28 19:50:18 CST 2013}}

@book{hogg2012introduction,
  title={Introduction to Mathematical Statistics},
  author={Hogg, R.V. and McKean, J.W. and Craig, A.T.},
  isbn={9780321795434},
  lccn={2011034906},
  url={http://books.google.com.hk/books?id=xFlVYAAACAAJ},
  year={2012},
  publisher={Pearson Education, Limited}
}

@book{rice2007mathematical,
  title={Mathematical Statistics and Data Analysis},
  author={Rice, J.A.},
  isbn={9780534399429},
  lccn={2005938314},
  series={Advanced series},
  url={http://books.google.com.hk/books?id=EKA-yeX2GVgC},
  year={2007},
  publisher={Thomson/Brooks/Cole}
}

@url{wiki_Correlation_and_dependence,
	Author = {wikipedia},
	Date-Added = {Sat Dec 28 21:14:49 CST 2013},
	Date-Modified = {Sat Dec 28 21:14:49 CST 2013},
	Keywords = {wikipedia},
	Title = {Correlation and dependence},
	Url = {http://en.wikipedia.org/wiki/Correlation_and_dependence},
	Urldate = {Sat Dec 28 21:14:49 CST 2013}}
